@article{kawasumi1956,
  title={Vibrations of buildings in Japan (in two parts), part I: small amplitude vibrations of actual buildings},
  author={Kawasumi, H and Kanai, K},
  journal={Earthquake Research Institute, Tokyo Japan},
  year={1956}
}

@article{hatzigeorgiou2010,
  title={Damping modification factors for SDOF systems subjected to near-fault, far-fault and artificial earthquakes},
  author={Hatzigeorgiou, GD},
  journal={Earthquake Engineering \& Structural Dynamics},
  volume={39},
  number={11},
  pages={1239--1258},
  year={2010},
  publisher={Wiley Online Library}
}

@article{bradley2015,
  title={Period Dependence of Response Spectrum Damping Modification Factors due to Source-and Site-Specific Effects},
  author={Bradley, BA},
  journal={Earthquake Spectra},
  volume={31},
  number={2},
  pages={745--759},
  year={2015},
  publisher={SAGE Publications Sage CA: Los Angeles, CA}
}

@inproceedings{hudson1956,
  title={Response Spectrum Techniques in Engineering Seismology},
  author={Hudson, DE},
  booktitle={World Conference on Earthquake Engineering, Berkeley California},
  year={1956}
}

@article{arias1962,
  title={Influencia del amortiguamiento sobre la respuesta de estructuras sometidas a temblor},
  author={Arias, A and Husid, R},
  journal={Revista IDIEM},
  volume={1},
  number={3},
  pages={219--228},
  year={1962}
}

@article{rosenblueth1964,
  title={Discusi{\'o}n del art{\'i}culo de A. Arias y R. Husid titulado ``Influencia de amortiguamiento sobre la respuesta estructuras sometidas a temblor''},
  author={Rosenblueth, E and Arias, A and Husid, R},
  journal={Revista IDIEM},
  volume={3},
  number={1},
  pages={63--69},
  year={1964}
}

@article{miranda2020,
  title={The effect of spectral shape on damping modification factors},
  author={Miranda, S and Miranda, E and Llera, JC},
  journal={Earthquake Spectra},
  volume={36},
  number={4},
  pages={2086--2111},
  year={2020},
  publisher={SAGE Publications Sage CA: Los Angeles, CA}
}

@article{mavroeidis2004,
  title={Near-fault ground motions, and the response of elastic and inelastic singledegree-of-freedom (SDOF) systems},
  author={Mavroeidis, GP and Dong, G and Papageorgiou, AS},
  journal={Earthquake Engineering \& Structural Dynamics},
  volume={33},
  number={9},
  pages={1023--1049},
  year={2004},
  publisher={Wiley Online Library}
}

@techreport{babak2001,
  title={Effects of near fault ground motions on framed structures},
  author={Babak, A and Krawinkler, H},
  year={2001},
  institution={The John A. Blume Earthquake Engineering Research Center, Stanford University}
}

@article{yang2010,
  title={Interstory drift ratio of building structures subjected to near-fault ground motions based on generalized drift spectral analysis},
  author={Yang, D and Pan, J and Li, G},
  journal={Soil Dynamics and Earthquake Engineering},
  volume={30},
  number={11},
  pages={1182--1197},
  year={2010},
  publisher={Elsevier}
}

@article{makris2000,
  title={Response of damped oscillators to cycloidal pulses},
  author={Makris, N and Chang, SP},
  journal={Journal of Engineering Mechanics},
  volume={126},
  number={2},
  pages={123--131},
  year={2000},
  publisher={American Society of Civil Engineers}
}

@article{mavroeidis2003,
  title={A Mathematical Representation of Near-Fault Ground Motions},
  author={Mavroeidis, G and Papageorgiou, A},
  journal={Bulletin of The Seismological Society of America},
  volume={93},
  number={3},
  pages={1099--1131},
  year={2003},
  publisher={Seismological Society of America}
}

@article{alonso2015,
  title={Assessment of building behavior under near-fault pulse-like ground motions through simplified models},
  author={Alonso-Rodr{\'i}guez, A and Miranda, E},
  journal={Soil Dynamics and Earthquake Engineering},
  volume={79},
  pages={47--58},
  year={2015},
  publisher={Elsevier}
}

@book{newmark1982,
  title={Earthquake spectra and design},
  author={Newmark, NM and Hall, WJ},
  year={1982},
  publisher={Earthquake Engineering Research Institute Berkeley, CA}
}

@article{lin2005,
  title={Evaluation of damping reduction factors for estimating elastic response of structures with high damping},
  author={Lin, YY and Miranda, E and Chang, KC},
  journal={Earthquake Engineering \& Structural Dynamics},
  volume={34},
  number={12},
  pages={1427--1443},
  year={2005},
  publisher={Wiley Online Library}
}

@article{cardone2009,
  title={Evaluation of reduction factors for high-damping design response spectra},
  author={Cardone, D and Dolce, M and Rivelli, M},
  journal={Bulletin of Earthquake Engineering},
  volume={7},
  number={1},
  pages={273--291},
  year={2009},
  publisher={Springer}
}

@article{bommer1999,
  title={Displacement spectra for seismic design},
  author={Bommer, JJ and Elnashai, AS},
  journal={Journal of Earthquake Engineering},
  volume={3},
  number={1},
  pages={1--32},
  year={1999},
  publisher={Taylor \& Francis}
}

@article{davalos2022,
  title={Response spectral damping modification factors for structures built on soft soils},
  author={D{\'a}valos, H and Miranda, E and Bantis, J and Cruz, C},
  journal={Soil Dynamics and Earthquake Engineering},
  volume={154},
  pages={107153},
  year={2022},
  publisher={Elsevier}
}

@article{dicleli2020,
  title={Damping reduction equation for the equivalent linear analysis of seismic isolated structures subjected to near fault ground motions},
  author={Dicleli, M and Kara, E},
  journal={Engineering Structures},
  volume={220},
  pages={110834},
  year={2020},
  publisher={Elsevier}
}

@article{priestley2003,
  title={Myths and fallacies in earthquake engineering},
  author={Priestley, N},
  journal={Society of Earthquake and Civil Engineering Dynamics},
  year={2003}
}

@article{hubbard2011,
  title={Damping coefficients for near-fault ground motion response spectra},
  author={Hubbard, DT and Mavroeidis, GP},
  journal={Soil Dynamics and Earthquake Engineering},
  volume={31},
  number={3},
  pages={401--417},
  year={2011},
  publisher={Elsevier}
}

@article{guo2018,
  title={Duration effect of near-fault pulse-like ground motions and identification of most suitable duration measure},
  author={Guo, G and Yang, D and Liu, Y},
  journal={Bulletin of Earthquake Engineering},
  volume={16},
  number={11},
  pages={5095--5119},
  year={2018},
  publisher={Springer}
}

@article{pu2016,
  title={Evaluation of the damping modification factor for structures subjected to near-fault ground motions},
  author={Pu, W and Kasai, K and Kabando, E and Huang, B},
  journal={Bulletin of Earthquake Engineering},
  volume={14},
  number={6},
  pages={1519--1544},
  year={2016},
  publisher={Springer}
}

@article{mollaioli2014,
  title={Displacement damping modification factors for pulse-like and ordinary records},
  author={Mollaioli, F and Liberatore, L and Lucchini, A},
  journal={Engineering Structures},
  volume={78},
  pages={17--27},
  year={2014},
  publisher={Elsevier}
}

@article{stafford2008,
  title={Dependence of damping correction factors for response spectra on duration and numbers of cycles},
  author={Stafford, PJ and Mendis, R and Bommer, JJ},
  journal={Journal of structural engineering},
  volume={134},
  number={8},
  pages={1364--1373},
  year={2008},
  publisher={American Society of Civil Engineers}
}

@article{gordo2018,
  title={Significance of directivity effects during the 2011 Lorca earthquake in Spain},
  author={Gord{\'o} Mons{\'o}, C and Miranda, E},
  journal={Bulletin of Earthquake Engineering},
  volume={16},
  number={12},
  pages={1--20},
  year={2018},
  publisher={Springer}
}

@article{baker2007,
  title={Quantitative Classification of Near-Fault Ground Motions Using Wavelet Analysis},
  author={Baker, JW},
  journal={Bulletin of The Seismological Society of America},
  volume={97},
  number={5},
  pages={1486--1501},
  year={2007},
  publisher={Seismological Society of America}
}

@article{mollaioli2012,
  title={Wavelet analysis for the characterization of forward-directivity pulse-like ground motions on energy basis},
  author={Mollaioli, F and Bosi, A},
  journal={Meccanica},
  volume={47},
  number={1},
  pages={203--219},
  year={2012},
  publisher={Springer}
}

@book{chopra2012,
  title={Dynamics of Structures},
  author={Chopra, AK},
  year={2012},
  edition={4},
  publisher={Prentice Hall}
}

@techreport{kuo2019,
  title={Database of near-fault pulse-like time history},
  author={Kuo, C and Chao, S and Hsu, C and Lu, X},
  year={2019},
  institution={NCREE}
}

@phdthesis{tarquis1988,
  title={Structural response and design spectra for the 1985 Mexico City Earthquake},
  author={Tarquis, F},
  year={1988},
  school={University of Texas, Austin}
}

@article{arroyo2007,
  title={Use of Corrected Sinusoidal Pulses to Estimate Inelastic Demands of Elasto-Perfectly Plastic Oscillators Subjected to Narrow-Band Motions},
  author={Arroyo, D and Ordaz, M},
  journal={Journal of Earthquake Engineering},
  volume={11},
  number={3},
  pages={303--325},
  year={2007},
  publisher={Taylor \& Francis}
}

@book{mankiw2016,
  title={Macroeconomics},
  author={Mankiw, NG},
  year={2016},
  edition={10},
  publisher={Worth Publishers}
}